@book{Williams:1483005,
      author        = "Williams, Anthony",
      title         = "{C++ concurrency in action: practical multithreading}",
      publisher     = "Manning Publ.",
      address       = "Shelter Island, NY",
      year          = "2012",
}